<?xml version="1.0" encoding="UTF-8"?>
<marc:collection xmlns:marc="http://www.loc.gov/MARC21/slim" xmlns:xsi="http://www.w3.org/2001/XMLSchema-instance" xsi:schemaLocation="http://www.loc.gov/MARC21/slim http://www.loc.gov/standards/marcxml/schema/MARC21slim.xsd">
   <marc:record type="Bibliographic">
      <marc:leader>01431cam a2200325Ia 4500</marc:leader>
      <marc:controlfield tag="001">1391239</marc:controlfield>
      <marc:controlfield tag="003">NjP</marc:controlfield>
      <marc:controlfield tag="005">20141111143030.0</marc:controlfield>
      <marc:controlfield tag="008">890228s1969    iq       b    001 0 ara d</marc:controlfield>
      <marc:datafield tag="024" ind1="7" ind2=" ">
         <marc:subfield code="a">princeton_aco000224</marc:subfield>
         <marc:subfield code="2">local</marc:subfield>
      </marc:datafield>
      <marc:datafield tag="035" ind1=" " ind2=" ">
         <marc:subfield code="a">(OCoLC)ocm23507745</marc:subfield>
      </marc:datafield>
      <marc:datafield tag="035" ind1=" " ind2=" ">
         <marc:subfield code="9">CED5276TS</marc:subfield>
      </marc:datafield>
      <marc:datafield tag="035" ind1=" " ind2=" ">
         <marc:subfield code="a">(OCoLC)23507745</marc:subfield>
      </marc:datafield>
      <marc:datafield tag="040" ind1=" " ind2=" ">
         <marc:subfield code="a">EYM</marc:subfield>
         <marc:subfield code="c">EYM</marc:subfield>
         <marc:subfield code="d">OSU</marc:subfield>
      </marc:datafield>
      <marc:datafield tag="049" ind1=" " ind2=" ">
         <marc:subfield code="a">PULL</marc:subfield>
      </marc:datafield>
      <marc:datafield tag="050" ind1=" " ind2="4">
         <marc:subfield code="a">PJ 7745</marc:subfield>
         <marc:subfield code="b">.A16 F22 Z5 S16</marc:subfield>
      </marc:datafield>
      <marc:datafield tag="066" ind1=" " ind2=" ">
         <marc:subfield code="c">(3</marc:subfield>
      </marc:datafield>
      <marc:datafield tag="100" ind1="1" ind2=" ">
         <marc:subfield code="6">880-01</marc:subfield>
         <marc:subfield code="a">Sallūm, Dāʼūd.</marc:subfield>
      </marc:datafield>
      <marc:datafield tag="245" ind1="1" ind2="0">
         <marc:subfield code="6">880-02</marc:subfield>
         <marc:subfield code="a">Manhaj Abī al-Faraj al-Iṣfahānī fī Kitāb al-aghānī fī dirāsat al-naṣṣ wa-al-sīrah /</marc:subfield>
         <marc:subfield code="c">Dāwud Sallūm.</marc:subfield>
      </marc:datafield>
      <marc:datafield tag="246" ind1="1" ind2=" ">
         <marc:subfield code="i">Title on back cover :</marc:subfield>
         <marc:subfield code="a">Abu'l Faraj'l Asfahani's analytical study of text and biography in al-Aghani</marc:subfield>
      </marc:datafield>
      <marc:datafield tag="260" ind1=" " ind2=" ">
         <marc:subfield code="6">880-03</marc:subfield>
         <marc:subfield code="a">Baghdād :</marc:subfield>
         <marc:subfield code="b">Maṭbaʻat al-Īmān,</marc:subfield>
         <marc:subfield code="c">1969.</marc:subfield>
      </marc:datafield>
      <marc:datafield tag="300" ind1=" " ind2=" ">
         <marc:subfield code="a">176 p. ;</marc:subfield>
         <marc:subfield code="c">24 cm.</marc:subfield>
      </marc:datafield>
      <marc:datafield tag="504" ind1=" " ind2=" ">
         <marc:subfield code="a">Includes bibliographical references and indexes.</marc:subfield>
      </marc:datafield>
      <marc:datafield tag="600" ind1="0" ind2="0">
         <marc:subfield code="6">880-04</marc:subfield>
         <marc:subfield code="a">Abū al-Faraj al-Iṣbahānī,</marc:subfield>
         <marc:subfield code="d">897 or 898-967.</marc:subfield>
         <marc:subfield code="t">Kitāb al-aghānī.</marc:subfield>
      </marc:datafield>
      <marc:datafield tag="880" ind1="1" ind2=" ">
         <marc:subfield code="6">100-01/(3/r</marc:subfield>
         <marc:subfield code="a">سلوم، داؤود.</marc:subfield>
      </marc:datafield>
      <marc:datafield tag="880" ind1="1" ind2="0">
         <marc:subfield code="6">245-02/(3/r</marc:subfield>
         <marc:subfield code="a">منهج ابي الفرج الاصفهاني في كتاب الاغاني في دراسة النص والسيرة /</marc:subfield>
         <marc:subfield code="c">داود سلوم.</marc:subfield>
      </marc:datafield>
      <marc:datafield tag="880" ind1=" " ind2=" ">
         <marc:subfield code="6">260-03/(3/r</marc:subfield>
         <marc:subfield code="a">بغداد :</marc:subfield>
         <marc:subfield code="b">مطبعة الايمان،</marc:subfield>
         <marc:subfield code="c">1969.</marc:subfield>
      </marc:datafield>
      <marc:datafield tag="880" ind1="0" ind2="0">
         <marc:subfield code="6">600-04/(3/r</marc:subfield>
         <marc:subfield code="a">ابو الفرج الاصبهاني</marc:subfield>
      </marc:datafield>
      <marc:datafield tag="852" ind1="0" ind2=" ">
         <marc:subfield code="b">nec</marc:subfield>
         <marc:subfield code="h">PJ7745.A18</marc:subfield>
         <marc:subfield code="i">K5837 1969</marc:subfield>
         <marc:subfield code="p">1597073</marc:subfield>
         <marc:subfield code="x">reclassed from: 2264.1068.897</marc:subfield>
      </marc:datafield>
      <marc:datafield tag="947" ind1=" " ind2=" ">
         <marc:subfield code="a">CED5276</marc:subfield>
      </marc:datafield>
      <marc:datafield tag="999" ind1=" " ind2=" ">
         <marc:subfield code="a">1391239</marc:subfield>
      </marc:datafield>
      <marc:datafield tag="994" ind1=" " ind2=" ">
         <marc:subfield code="a">C0</marc:subfield>
         <marc:subfield code="b">PUL</marc:subfield>
      </marc:datafield>
   </marc:record>
</marc:collection>
